@inproceedings{yudelson2013individualized,
  title={Individualized bayesian knowledge tracing models},
  author={Yudelson, Michael V and Koedinger, Kenneth R and Gordon, Geoffrey J},
  booktitle={Artificial Intelligence in Education},
  pages={171--180},
  year={2013},
  organization={Springer}
}

@inproceedings{piech2015deep,
  title={Deep Knowledge Tracing},
  author={Piech, Chris and Bassen, Jonathan and Huang, Jonathan and Ganguli, Surya and Sahami, Mehran and Guibas, Leonidas J and Sohl-Dickstein, Jascha},
  booktitle={Advances in Neural Information Processing Systems},
  pages={505--513},
  year={2015}
}

@article{corbett1994knowledge,
  title={Knowledge tracing: Modeling the acquisition of procedural knowledge},
  author={Corbett, Albert T and Anderson, John R},
  journal={User modeling and user-adapted interaction},
  volume={4},
  number={4},
  pages={253--278},
  year={1994},
  publisher={Springer}
}


@article{hochreiter1997long,
  comment={LSTM},
  title={Long short-term memory},
  author={Hochreiter, Sepp and Schmidhuber, J{\"u}rgen},
  journal={Neural computation},
  volume={9},
  number={8},
  pages={1735--1780},
  year={1997},
  publisher={MIT Press}
}

@article{williams1989learning,
  comment={RNN},
  title={A learning algorithm for continually running fully recurrent neural networks},
  author={Williams, Ronald J and Zipser, David},
  journal={Neural computation},
  volume={1},
  number={2},
  pages={270--280},
  year={1989},
  publisher={MIT Press}
}

@article{cho2014learning,
  comment={GRU},
  title={Learning phrase representations using rnn encoder-decoder for statistical machine translation},
  author={Cho, Kyunghyun and Van Merri{\"e}nboer, Bart and Gulcehre, Caglar and Bahdanau, Dzmitry and Bougares, Fethi and Schwenk, Holger and Bengio, Yoshua},
  journal={arXiv preprint arXiv:1406.1078},
  year={2014},
}

@article{srivastava2014dropout,
  title={Dropout: A simple way to prevent neural networks from overfitting},
  author={Srivastava, Nitish and Hinton, Geoffrey and Krizhevsky, Alex and Sutskever, Ilya and Salakhutdinov, Ruslan},
  journal={The Journal of Machine Learning Research},
  volume={15},
  number={1},
  pages={1929--1958},
  year={2014},
  publisher={JMLR. org}
}

@article{chung2014empirical,
  title={Empirical evaluation of gated recurrent neural networks on sequence modeling},
  author={Chung, Junyoung and Gulcehre, Caglar and Cho, KyungHyun and Bengio, Yoshua},
  journal={arXiv preprint arXiv:1412.3555},
  year={2014}
}

@inproceedings{bengio2009curriculum,
  title={Curriculum learning},
  author={Bengio, Yoshua and Louradour, J{\'e}r{\^o}me and Collobert, Ronan and Weston, Jason},
  booktitle={Proceedings of the 26th annual international conference on machine learning},
  pages={41--48},
  year={2009},
  organization={ACM}
}

@inproceedings{louradour2014curriculum,
  title={Curriculum learning for handwritten text line recognition},
  author={Louradour, J{\'e}r{\^o}me and Kermorvant, Christopher},
  booktitle={Document Analysis Systems (DAS), 2014 11th IAPR International Workshop on},
  pages={56--60},
  year={2014},
  organization={IEEE}
}


@article{pascanu2013difficulty,
  title={On the difficulty of training Recurrent Neural Networks},
  author={Pascanu, Razvan and Mikolov, Tomas and Bengio, Yoshua},
  journal={arXiv preprint arXiv:1211.5063},
  year={2013}
}


@article{hidasi2015session,
  title={Session-based Recommendations with Recurrent Neural Networks},
  author={Hidasi, Bal{\'a}zs and Karatzoglou, Alexandros and Baltrunas, Linas and Tikk, Domonkos},
  journal={arXiv preprint arXiv:1511.06939},
  year={2015}
}
@article{bahdanau2015end,
  title={End-to-end attention-based large vocabulary speech recognition},
  author={Bahdanau, Dzmitry and Chorowski, Jan and Serdyuk, Dmitriy and Brakel, Philemon and Bengio, Yoshua},
  journal={arXiv preprint arXiv:1508.04395},
  year={2015}
}
@inproceedings{sutskever2014sequence,
  title={Sequence to sequence learning with neural networks},
  author={Sutskever, Ilya and Vinyals, Oriol and Le, Quoc VV},
  booktitle={Advances in neural information processing systems},
  pages={3104--3112},
  year={2014}
}
@inproceedings{graves2009offline,
  title={Offline handwriting recognition with multidimensional recurrent neural networks},
  author={Graves, Alex and Schmidhuber, J{\"u}rgen},
  booktitle={Advances in Neural Information Processing Systems},
  pages={545--552},
  year={2009}
}

@article{xu2015show,
  title={Show, attend and tell: Neural image caption generation with visual attention},
  author={Xu, Kelvin and Ba, Jimmy and Kiros, Ryan and Courville, Aaron and Salakhutdinov, Ruslan and Zemel, Richard and Bengio, Yoshua},
  journal={arXiv preprint arXiv:1502.03044},
  year={2015}
}
@article{vinyals2014show,
  title={Show and tell: A neural image caption generator},
  author={Vinyals, Oriol and Toshev, Alexander and Bengio, Samy and Erhan, Dumitru},
  journal={arXiv preprint arXiv:1411.4555},
  year={2014}
}
@inproceedings{dong2015multi,
  title={Multi-task learning for multiple language translation},
  author={Dong, Daxiang and Wu, Hua and He, Wei and Yu, Dianhai and Wang, Haifeng},
  year={2015},
  organization={ACL},
  booktitle={Proceedings of the 53rd Annual Meeting of the Association for Computational Linguistics
and the 7th International Joint Conference on Natural Language Processing},
}

@article{choi2015doctor,
  title={Doctor AI: Predicting Clinical Events via Recurrent Neural Networks},
  author={Choi, Edward and Bahadori, Mohammad Taha and Sun, Jimeng},
  journal={arXiv preprint arXiv:1511.05942},
  year={2015}
}

@article{hinton2012deep,
  title={Deep neural networks for acoustic modeling in speech recognition: The shared views of four research groups},
  author={Hinton, Geoffrey and Deng, Li and Yu, Dong and Dahl, George E and Mohamed, Abdel-rahman and Jaitly, Navdeep and Senior, Andrew and Vanhoucke, Vincent and Nguyen, Patrick and Sainath, Tara N and others},
  journal={Signal Processing Magazine, IEEE},
  volume={29},
  number={6},
  pages={82--97},
  year={2012},
  publisher={IEEE}
}
@article{lipton2015learning,
  title={Learning to Diagnose with LSTM Recurrent Neural Networks},
  author={Lipton, Zachary C and Kale, David C and Elkan, Charles and Wetzell, Randall},
  journal={arXiv preprint arXiv:1511.03677},
  year={2015}
}


@inproceedings{tamhane2014predicting,
  title={Predicting student risks through longitudinal analysis},
  author={Tamhane, Ashay and Ikbal, Shajith and Sengupta, Bikram and Duggirala, Mayuri and Appleton, James},
  booktitle={Proceedings of the 20th ACM SIGKDD international conference on Knowledge discovery and data mining},
  pages={1544--1552},
  year={2014},
  organization={ACM}
}

@article{kuenzi2008science,
  title={Science, technology, engineering, and mathematics (stem) education: Background, federal policy, and legislative action},
  author={Kuenzi, Jeffrey J},
  year={2008}
}

@article{tyson2007science,
  title={Science, technology, engineering, and mathematics (STEM) pathways: High school science and math coursework and postsecondary degree attainment},
  author={Tyson, Will and Lee, Reginald and Borman, Kathryn M and Hanson, Mary Ann},
  journal={Journal of Education for Students Placed at Risk},
  volume={12},
  number={3},
  pages={243--270},
  year={2007},
  publisher={Taylor \& Francis}
}


@article{schroff2015facenet,
  title={Facenet: A unified embedding for face recognition and clustering},
  author={Schroff, Florian and Kalenichenko, Dmitry and Philbin, James},
  journal={arXiv preprint arXiv:1503.03832},
  year={2015}
}
@article{szegedy2014going,
  title={Going deeper with convolutions},
  author={Szegedy, Christian and Liu, Wei and Jia, Yangqing and Sermanet, Pierre and Reed, Scott and Anguelov, Dragomir and Erhan, Dumitru and Vanhoucke, Vincent and Rabinovich, Andrew},
  journal={arXiv preprint arXiv:1409.4842},
  year={2014}
}

@article{mnih2013playing,
  title={Playing atari with deep reinforcement learning},
  author={Mnih, Volodymyr and Kavukcuoglu, Koray and Silver, David and Graves, Alex and Antonoglou, Ioannis and Wierstra, Daan and Riedmiller, Martin},
  journal={arXiv preprint arXiv:1312.5602},
  year={2013}
}

@article{yin2015neural,
  title={Neural Generative Question Answering},
  author={Yin, Jun and Jiang, Xin and Lu, Zhengdong and Shang, Lifeng and Li, Hang and Li, Xiaoming},
  journal={arXiv preprint arXiv:1512.01337},
  year={2015}
}
@article{vinyals2015neural,
  title={A neural conversational model},
  author={Vinyals, Oriol and Le, Quoc},
  journal={arXiv preprint arXiv:1506.05869},
  year={2015}
}
@incollection{pardos2010modeling,
  title={Modeling individualization in a bayesian networks implementation of knowledge tracing},
  author={Pardos, Zachary A and Heffernan, Neil T},
  booktitle={User Modeling, Adaptation, and Personalization},
  pages={255--266},
  year={2010},
  publisher={Springer}
}
@inproceedings{falakmasir2015spectral,
  title={Spectral bayesian knowledge tracing},
  author={FALAKMASIR, MH and Yudelson, Michael and Ritter, Steve and Koedinger, Ken},
  booktitle={Proceedings of the 8th International Conference on Educational Data Mining., OC Santos, JG Boticario, C. Romero, M. Pechenizkiy, A. Merceron, P. Mitros, JM Luna, C. Mihaescu, P. Moreno, A. Hershkovitz, S. Ventura, and M. Desmarais, Eds. Madrid, Spain},
  pages={360--364},
  year={2015}
}
@article{hanley1982meaning,
  title={The meaning and use of the area under a receiver operating characteristic (ROC) curve.},
  author={Hanley, James A and McNeil, Barbara J},
  journal={Radiology},
  volume={143},
  number={1},
  pages={29--36},
  year={1982}
}
@article{lee2012impact,
  title={The Impact on Individualizing Student Models on Necessary Practice Opportunities.},
  author={Lee, Jung In and Brunskill, Emma},
  journal={International Educational Data Mining Society},
  year={2012},
  publisher={ERIC}
}
@inproceedings{kasurinen2009estimating,
  title={Estimating programming knowledge with Bayesian knowledge tracing},
  author={Kasurinen, Jussi and Nikula, Uolevi},
  booktitle={ACM SIGCSE Bulletin},
  volume={41},
  number={3},
  pages={313--317},
  year={2009},
  organization={ACM}
}
@incollection{beck2007identifiability,
  title={Identifiability: A fundamental problem of student modeling},
  author={Beck, Joseph E and Chang, Kai-min},
  booktitle={User Modeling 2007},
  pages={137--146},
  year={2007},
  publisher={Springer}
}

@article{feng2009addressing,
  title={Addressing the assessment challenge with an online system that tutors as it assesses},
  author={Feng, Mingyu and Heffernan, Neil and Koedinger, Kenneth},
  journal={User Modeling and User-Adapted Interaction},
  volume={19},
  number={3},
  pages={243--266},
  year={2009},
  publisher={Springer}
}
@inproceedings{pardos2013affective,
  title={Affective states and state tests: Investigating how affect throughout the school year predicts end of year learning outcomes},
  author={Pardos, Zachary A and Baker, Ryan SJD and San Pedro, Maria OCZ and Gowda, Sujith M and Gowda, Supreeth M},
  booktitle={Proceedings of the Third International Conference on Learning Analytics and Knowledge},
  pages={117--124},
  year={2013},
  organization={ACM}
}
@misc{kddcup2010algebra2005,
 author 			=	{Stamper, J. and Niculescu-Mizil, A. and Ritter, S. and Gordon, G.J. and Koedinger, K.R},
 year				=	{2010},
 title				=	{Algebra I 2005-2006. Development data set from KDD Cup 2010 Educational Data Mining Challenge.},
 howpublished 		= 	{http://pslcdatashop.web.cmu.edu/KDDCup/downloads.jsp}
}
@misc{kddcup2010algebra2006,
 author 			=	{Stamper, J. and Niculescu-Mizil, A. and Ritter, S. and Gordon, G.J. and Koedinger, K.R},
 year				=	{2010},
 title				=	{Algebra I 2006-2007. Development data set from KDD Cup 2010 Educational Data Mining Challenge.},
 howpublished 		= 	{http://pslcdatashop.web.cmu.edu/KDDCup/downloads.jsp}
}
@misc{kddcup2010algebra2008,
 author 			=	{Stamper, J. and Niculescu-Mizil, A. and Ritter, S. and Gordon, G.J. and Koedinger, K.R},
 year				=	{2010},
 title				=	{Algebra I 2008-2009. Development data set from KDD Cup 2010 Educational Data Mining Challenge.},
 howpublished 		= 	{http://pslcdatashop.web.cmu.edu/KDDCup/downloads.jsp}
}
 
@misc{kddcup2010bridge2006,
 author 			=	{Stamper, J. and Niculescu-Mizil, A. and Ritter, S. and Gordon, G.J. and Koedinger, K.R},
 year				=	{2010},
 title				=	{Bridge to Algebra 2006-2007. Development data set from KDD Cup 2010 Educational Data Mining Challenge.},
 howpublished 		= 	{http://pslcdatashop.web.cmu.edu/KDDCup/downloads.jsp}
}
@misc{kddcup2010bridge2008,
 author 			=	{Stamper, J. and Niculescu-Mizil, A. and Ritter, S. and Gordon, G.J. and Koedinger, K.R},
 year				=	{2010},
 title				=	{Bridge to Algebra 2008-2009. Development data set from KDD Cup 2010 Educational Data Mining Challenge.},
 howpublished 		= 	{http://pslcdatashop.web.cmu.edu/KDDCup/downloads.jsp}
}

@inproceedings{nair2010rectified,
  title={Rectified linear units improve restricted boltzmann machines},
  author={Nair, Vinod and Hinton, Geoffrey E},
  booktitle={Proceedings of the 27th International Conference on Machine Learning (ICML-10)},
  pages={807--814},
  year={2010}
}
@article{clevert2015fast,
  title={Fast and Accurate Deep Network Learning by Exponential Linear Units (ELUs)},
  author={Clevert, Djork-Arn{\'e} and Unterthiner, Thomas and Hochreiter, Sepp},
  journal={arXiv preprint arXiv:1511.07289},
  year={2015}
}
@article{kingma2014adam,
  title={Adam: A method for stochastic optimization},
  author={Kingma, Diederik and Ba, Jimmy},
  journal={arXiv preprint arXiv:1412.6980},
  year={2014}
}
@article{zeiler2012adadelta,
  title={ADADELTA: An adaptive learning rate method},
  author={Zeiler, Matthew D},
  journal={arXiv preprint arXiv:1212.5701},
  year={2012}
}
@article{robbins1951stochastic,
  title={A stochastic approximation method},
  author={Robbins, Herbert and Monro, Sutton},
  journal={The annals of mathematical statistics},
  pages={400--407},
  year={1951},
  publisher={JSTOR}
}
@book{kushner2003stochastic,
  title={Stochastic approximation and recursive algorithms and applications},
  author={Kushner, Harold J and Yin, George},
  volume={35},
  year={2003},
  publisher={Springer Science \& Business Media}
}
@inproceedings{bengio2013advances,
  title={Advances in optimizing recurrent networks},
  author={Bengio, Yoshua and Boulanger-Lewandowski, Nicolas and Pascanu, Razvan},
  booktitle={Acoustics, Speech and Signal Processing (ICASSP), 2013 IEEE International Conference on},
  pages={8624--8628},
  year={2013},
  organization={IEEE}
}
@article{bengio1994learning,
  title={Learning long-term dependencies with gradient descent is difficult},
  author={Bengio, Yoshua and Simard, Patrice and Frasconi, Paolo},
  journal={Neural Networks, IEEE Transactions on},
  volume={5},
  number={2},
  pages={157--166},
  year={1994},
  publisher={IEEE}
}
@article{hochreiter1998vanishing,
  title={The vanishing gradient problem during learning recurrent neural nets and problem solutions},
  author={Hochreiter, Sepp},
  journal={International Journal of Uncertainty, Fuzziness and Knowledge-Based Systems},
  volume={6},
  number={02},
  pages={107--116},
  year={1998},
  publisher={World Scientific}
}
@article{mikolov2012statistical,
  title={Statistical language models based on neural networks},
  author={Mikolov, Tom{\'a}{\v{s}}},
  journal={Presentation at Google, Mountain View, 2nd April},
  year={2012}
}

@article{le2015simple,
  title={A Simple Way to Initialize Recurrent Networks of Rectified Linear Units},
  author={Le, Quoc V and Jaitly, Navdeep and Hinton, Geoffrey E},
  journal={arXiv preprint arXiv:1504.00941},
  year={2015}
}
@article{krueger2015regularizing,
  title={Regularizing RNNs by Stabilizing Activations},
  author={Krueger, David and Memisevic, Roland},
  journal={arXiv preprint arXiv:1511.08400},
  year={2015}
}
@inproceedings{zaremba2015empirical,
  title={An empirical exploration of recurrent network architectures},
  author={Zaremba, Wojciech},
  journal={Proceedings of the 32nd International Conference on Machine Learning},
  year={2015}
}
@article{chung2015gated,
  title={Gated feedback recurrent neural networks},
  author={Chung, Junyoung and Gulcehre, Caglar and Cho, Kyunghyun and Bengio, Yoshua},
  journal={arXiv preprint arXiv:1502.02367},
  year={2015}
}
@article{karpathy2015visualizing,
  title={Visualizing and understanding recurrent networks},
  author={Karpathy, Andrej and Johnson, Justin and Li, Fei-Fei},
  journal={arXiv preprint arXiv:1506.02078},
  year={2015}
}
@article{biswassentiment,
  title={Sentiment Analysis with Gated Recurrent Units},
  author={Biswas, Shamim and Chadda, Ekamber and Ahmad, Faiyaz},
  year={2015},
  journal={Advances in Computer Science and Information Technology}
}
@article{pezeshki2015sequence,
  title={Sequence Modeling using Gated Recurrent Neural Networks},
  author={Pezeshki, Mohammad},
  journal={arXiv preprint arXiv:1501.00299},
  year={2015}
}
@article{siemens2013massive,
  title={Massive open online courses: Innovation in education},
  author={Siemens, George},
  journal={Open educational resources: Innovation, research and practice},
  volume={5},
  year={2013},
  publisher={Athabasca University Press Athabasca, Canada}
}
@article{pappano2012year,
  title={The Year of the MOOC},
  author={Pappano, Laura},
  journal={The New York Times},
  volume={2},
  number={12},
  pages={2012},
  year={2012}
}
@article{mcauley2010mooc,
  title={The MOOC model for digital practice},
  author={McAuley, Alexander and Stewart, Bonnie and Siemens, George and Cormier, Dave},
  year={2010}
}
@article{werbos1990backpropagation,
  title={Backpropagation through time: what it does and how to do it},
  author={Werbos, Paul J},
  journal={Proceedings of the IEEE},
  volume={78},
  number={10},
  pages={1550--1560},
  year={1990},
  publisher={IEEE}
}
@inproceedings{schein2002methods,
  title={Methods and metrics for cold-start recommendations},
  author={Schein, Andrew I and Popescul, Alexandrin and Ungar, Lyle H and Pennock, David M},
  booktitle={Proceedings of the 25th annual international ACM SIGIR conference on Research and development in information retrieval},
  pages={253--260},
  year={2002},
  organization={ACM}
}

@misc{gakushushidouyouryou,
 _author 			=	{文部科学省, 初等中等教育局教育課程課},
 author 			=	{文部科学省},
 year				=	{2011},
 title				=	{現行学習指導要領・生きる力：学習指導要領とは何か？},
 howpublished 		= 	{\url{http://www.mext.go.jp/a_menu/shotou/new-cs/idea/1304372.htm}}
}
@article{bergstra2012random,
  title={Random search for hyper-parameter optimization},
  author={Bergstra, James and Bengio, Yoshua},
  journal={The Journal of Machine Learning Research},
  volume={13},
  number={1},
  pages={281--305},
  year={2012},
  publisher={JMLR. org}
}
@inproceedings{larochelle2007empirical,
  title={An empirical evaluation of deep architectures on problems with many factors of variation},
  author={Larochelle, Hugo and Erhan, Dumitru and Courville, Aaron and Bergstra, James and Bengio, Yoshua},
  booktitle={Proceedings of the 24th international conference on Machine learning},
  pages={473--480},
  year={2007},
  organization={ACM}
}
@inproceedings{glorot2010understanding,
  title={Understanding the difficulty of training deep feedforward neural networks},
  author={Glorot, Xavier and Bengio, Yoshua},
  booktitle={International conference on artificial intelligence and statistics},
  pages={249--256},
  year={2010}
}


%Aigaion2 BibTeX export from LISA - Publications
%Wednesday 06 January 2016 11:38:02 PM

@INPROCEEDINGS{bergstra+al:2010-scipy,
     author = {Bergstra, James and Breuleux, Olivier and Bastien, Fr{\'{e}}d{\'{e}}ric and Lamblin, Pascal and Pascanu, Razvan and Desjardins, Guillaume and Turian, Joseph and Warde-Farley, David and Bengio, Yoshua},
      month = jun,
      title = {Theano: a {CPU} and {GPU} Math Expression Compiler},
  booktitle = {Proceedings of the Python for Scientific Computing Conference ({SciPy})},
       year = {2010},
   location = {Austin, TX},
       note = {Oral Presentation},
   abstract = {Theano is a compiler for mathematical expressions in Python that combines the convenience of NumPy’s syntax with the speed of optimized native machine language. The user composes mathematical expressions in a high-level description that mimics NumPy’s syntax and semantics, while being statically typed and
functional (as opposed to imperative). These expressions allow Theano to provide symbolic differentiation. Before performing computation, Theano optimizes the choice of expressions, translates
them into C++ (or CUDA for GPU), compiles them into dynamically loaded Python modules, all automatically. Common machine learning algorithms implemented with Theano are from 1.6× to 7.5× faster than competitive alternatives (including those implemented with C/C++, NumPy/SciPy and MATLAB) when compiled for the
CPU and between 6.5× and 44× faster when compiled for the GPU. This paper illustrates how to use Theano, outlines the scope of the compiler, provides benchmarks on both CPU and GPU processors, and explains its overall design.}
}


%Aigaion2 BibTeX export from LISA - Publications
%Wednesday 06 January 2016 11:38:03 PM

@MISC{Bastien-Theano-2012,
        author = {Bastien, Fr{\'{e}}d{\'{e}}ric and Lamblin, Pascal and Pascanu, Razvan and Bergstra, James and Goodfellow, Ian J. and Bergeron, Arnaud and Bouchard, Nicolas and Bengio, Yoshua},
         title = {Theano: new features and speed improvements},
          year = {2012},
  howpublished = {Deep Learning and Unsupervised Feature Learning NIPS 2012 Workshop},
      abstract = {Theano is a linear algebra compiler that optimizes a user’s symbolically-speciﬁed
mathematical computations to produce efﬁcient low-level implementations. In
this paper, we present new features and efﬁciency improvements to Theano, and
benchmarks demonstrating Theano’s performance relative to Torch7, a recently
introduced machine learning library, and to RNNLM, a C++ library targeted at
recurrent neural networks.}
}
@article{cauley1986studying,
  title={Studying Knowledge Acquisition: Distinctions among Procedural, Conceptual and Logical Knowledge.},
  author={Cauley, Kathleen M},
  year={1986},
  publisher={ERIC},
  journal={the Annual Meeting of the American Educational Research Association (67th, San Francisco, CA, April 16-20, 1986)}
}
@inproceedings{ryle1945knowing,
  title={Knowing how and knowing that: The presidential address},
  author={Ryle, Gilbert},
  booktitle={Proceedings of the Aristotelian Society},
  pages={1--16},
  year={1945},
  organization={JSTOR}
}
@article{pavlik2009performance,
  title={Performance Factors Analysis--A New Alternative to Knowledge Tracing.},
  author={Pavlik Jr, Philip I and Cen, Hao and Koedinger, Kenneth R},
  journal={Online Submission},
  year={2009},
  publisher={ERIC}
}
@article{bloom1968learning,
  title={Learning for Mastery. Instruction and Curriculum. Regional Education Laboratory for the Carolinas and Virginia, Topical Papers and Reprints, Number 1.},
  author={Bloom, Benjamin S},
  journal={Evaluation comment},
  volume={1},
  number={2},
  pages={n2},
  year={1968},
  publisher={ERIC}
}
@article{keller1968good,
  title={Good-bye, teacher...},
  author={Keller, Fred S},
  journal={Journal of applied behavior analysis},
  volume={1},
  number={1},
  pages={79},
  year={1968},
  publisher={Society for the Experimental Analysis of Behavior}
}
@inproceedings{spaulding2015affect,
  title={Affect and Inference in Bayesian Knowledge Tracing with a Robot Tutor},
  author={Spaulding, Samuel and Breazeal, Cynthia},
  booktitle={Proceedings of the Tenth Annual ACM/IEEE International Conference on Human-Robot Interaction Extended Abstracts},
  pages={219--220},
  year={2015},
  organization={ACM}
}


@article{gong2011construct,
  title={How to construct more accurate student models: Comparing and optimizing knowledge tracing and performance factor analysis},
  author={Gong, Yue and Beck, Joseph E and Heffernan, Neil T},
  journal={International Journal of Artificial Intelligence in Education},
  volume={21},
  number={1-2},
  pages={27--46},
  year={2011},
  publisher={IOS Press, Nieuwe Hemweg 6 B Amsterdam 1013 BG Netherlands}
}
@inproceedings{kaser2014beyond,
  title={Beyond knowledge tracing: Modeling skill topologies with bayesian networks},
  author={K{\"a}ser, Tanja and Klingler, Severin and Schwing, Alexander Gerhard and Gross, Markus},
  booktitle={Intelligent Tutoring Systems},
  pages={188--198},
  year={2014},
  organization={Springer}
}
@inproceedings{pardos2012clustered,
  title={Clustered knowledge tracing},
  author={Pardos, Zachary A and Trivedi, Shubhendu and Heffernan, Neil T and S{\'a}rk{\"o}zy, G{\'a}bor N},
  booktitle={Intelligent Tutoring Systems},
  pages={405--410},
  year={2012},
  organization={Springer}
}
@inproceedings{wijaya2010knowledge,
  title={Knowledge tracing with stochastic method},
  author={Wijaya, Tri Kurniawan and Prasetyo, Philips Kokoh},
  booktitle={Proceedings of the KDD 2010 cup 2010 workshop: Knowledge discovery in educational data},
  pages={51--53},
  year={2010}
}
@article{bastian2009gephi,
  title={Gephi: an open source software for exploring and manipulating networks.},
  author={Bastian, Mathieu and Heymann, Sebastien and Jacomy, Mathieu and others},
  journal={ICWSM},
  volume={8},
  pages={361--362},
  year={2009}
}
@article{jacomy2014forceatlas2,
  title={Forceatlas2, a continuous graph layout algorithm for handy network visualization designed for the gephi software},
  author={Jacomy, Mathieu and Venturini, Tommaso and Heymann, Sebastien and Bastian, Mathieu},
  year={2014}
}
@article{jacomy2009force,
  title={Force-atlas graph layout algorithm},
  author={Jacomy, M},
  journal={URL: http://gephi. org/2011/forceatlas2-the-new-version-of-our-home-brew-layout},
  year={2009}
}
@article{newman2006modularity,
  title={Modularity and community structure in networks},
  author={Newman, Mark EJ},
  journal={Proceedings of the National Academy of Sciences},
  volume={103},
  number={23},
  pages={8577--8582},
  year={2006},
  publisher={National Acad Sciences}
}
@inproceedings{gong2010comparing,
  title={Comparing knowledge tracing and performance factor analysis by using multiple model fitting procedures},
  author={Gong, Yue and Beck, Joseph E and Heffernan, Neil T},
  booktitle={Intelligent tutoring systems},
  pages={35--44},
  year={2010},
  organization={Springer}
}
@article{lecun1998gradient,
  title={Gradient-based learning applied to document recognition},
  author={LeCun, Yann and Bottou, L{\'e}on and Bengio, Yoshua and Haffner, Patrick},
  journal={Proceedings of the IEEE},
  volume={86},
  number={11},
  pages={2278--2324},
  year={1998},
  publisher={IEEE}
}
@incollection{zeiler2014visualizing,
  title={Visualizing and understanding convolutional networks},
  author={Zeiler, Matthew D and Fergus, Rob},
  booktitle={Computer Vision--ECCV 2014},
  pages={818--833},
  year={2014},
  publisher={Springer}
}

@article{de1996types,
  title={Types and qualities of knowledge},
  author={De Jong, Ton and Ferguson-Hessler, Monica GM},
  journal={Educational psychologist},
  volume={31},
  number={2},
  pages={105--113},
  year={1996},
  publisher={Taylor \& Francis}
}
@article{anderson1993problem,
  title={Problem solving and learning.},
  author={Anderson, John R},
  journal={American Psychologist},
  volume={48},
  number={1},
  pages={35},
  year={1993},
  publisher={American Psychological Association}
}

@article{anderson1982acquisition,
  title={Acquisition of cognitive skill.},
  author={Anderson, John R},
  journal={Psychological review},
  volume={89},
  number={4},
  pages={369},
  year={1982},
  publisher={American Psychological Association}
}
@article{ten1999procedural,
  title={Procedural and declarative knowledge an evolutionary perspective},
  author={Ten Berge, Timon and Van Hezewijk, Ren{\'e}},
  journal={Theory \& Psychology},
  volume={9},
  number={5},
  pages={605--624},
  year={1999},
  publisher={Sage Publications}
}
@article{mccormick1997conceptual,
  title={Conceptual and procedural knowledge},
  author={McCormick, Robert},
  journal={International journal of technology and design education},
  volume={7},
  number={1-2},
  pages={141--159},
  year={1997},
  publisher={Springer}
}






@article{luo2011detecting,
  title={Detecting evolving patterns of self-organizing networks by flow hierarchy measurement},
  author={Luo, Jianxi and Magee, Christopher L},
  journal={Complexity},
  volume={16},
  number={6},
  pages={53--61},
  year={2011},
  publisher={Wiley Online Library}
}
@article{mones2012hierarchy,
  title={Hierarchy measure for complex networks},
  author={Mones, Enys and Vicsek, Lilla and Vicsek, Tam{\'a}s},
  journal={PloS one},
  volume={7},
  number={3},
  pages={e33799},
  year={2012},
  publisher={Public Library of Science}
}
@inproceedings{machardy2015toward,
  title={Toward the Evaluation of Educational Videos using Bayesian Knowledge Tracing and Big Data},
  author={MacHardy, Zachary and Pardos, Zachary A},
  booktitle={Proceedings of the Second (2015) ACM Conference on Learning@ Scale},
  pages={347--350},
  year={2015},
  organization={ACM}
}
@article{那須野薫2015twitter,
  title={Twitter における候補者の選挙地盤に着目した国政選挙の当選者予測},
  author={那須野薫 and 奥山晶二郎 and 中西鏡子 and 松尾豊 and others},
  journal={情報処理学会論文誌},
  volume={56},
  number={10},
  pages={2044--2053},
  year={2015}
}
@article{page1999pagerank,
  title={The PageRank citation ranking: bringing order to the Web.},
  author={Page, Lawrence and Brin, Sergey and Motwani, Rajeev and Winograd, Terry},
  year={1999},
  publisher={Stanford InfoLab}
}
@article{freeman1977set,
  title={A set of measures of centrality based on betweenness},
  author={Freeman, Linton C},
  journal={Sociometry},
  pages={35--41},
  year={1977},
  publisher={JSTOR}
}
@inproceedings{dong2012link,
  title={Link prediction and recommendation across heterogeneous social networks},
  author={Dong, Yuxiao and Tang, Jie and Wu, Sen and Tian, Jilei and Chawla, Nitesh V and Rao, Jinghai and Cao, Huanhuan},
  booktitle={Data Mining (ICDM), 2012 IEEE 12th International Conference on},
  pages={181--190},
  year={2012},
  organization={IEEE}
}

@article{lerman2003open,
  title={Open Course Ware},
  author={Lerman, Steven R and Miyagawa, Shigeru},
  journal={Academe},
  volume={4},
  pages={37},
  year={2003}
}
@article{abelson2008creation,
  title={The creation of OpenCourseWare at MIT},
  author={Abelson, Hal},
  journal={Journal of Science Education and Technology},
  volume={17},
  number={2},
  pages={164--174},
  year={2008},
  publisher={Springer}
}
@misc{yuan2013moocs,
  title={MOOCs and open education: Implications for higher education},
  author={Yuan, Li and Powell, Stephen and CETIS, JISC},
  year={2013}
}

@article{liyanagunawardena2013impact,
  title={The Impact and reach of MOOCs: A developing countries’ perspective},
  author={Liyanagunawardena, Tharindu and Williams, Shirley and Adams, Andrew},
  journal={eLearning Papers},
  number={33},
  year={2013},
  publisher={eLearningeuropa. info}
}
@misc{trucano2013more,
  title={More about MOOCs and developing countries},
  author={Trucano, Michael and Kendrick, Curtis and Gashurov, Irene},
  year={2013}
}
@article{daniel2012making,
  title={Making sense of MOOCs: Musings in a maze of myth, paradox and possibility},
  author={Daniel, John},
  journal={Journal of interactive Media in education},
  volume={2012},
  number={3},
  pages={Art--18},
  year={2012}
}
@article{jordan2013mooc,
  title={MOOC completion rates: The data},
  author={Jordan, Katy},
  journal={Availabe at: http://www. katyjordan. com/MOOCproject. html.[Accessed: 27/08/2014]},
  year={2013}
}

@article{rivard2013measuring,
  title={Measuring the MOOC dropout rate},
  author={Rivard, Ry},
  journal={Inside Higher Ed},
  volume={8},
  pages={2013},
  year={2013}
}
@article{bock2013virtual,
  title={Virtual Educators Critique the Value of MOOCs for K-12},
  author={Bock, Mike and O’DEA, Victoria},
  journal={Education Week},
  volume={32},
  number={20},
  pages={10},
  year={2013}
}
@article{sak2015fast,
  title={Fast and Accurate Recurrent Neural Network Acoustic Models for Speech Recognition},
  author={Sak, Ha{\c{s}}im and Senior, Andrew and Rao, Kanishka and Beaufays, Fran{\c{c}}oise},
  journal={arXiv preprint arXiv:1507.06947},
  year={2015}
}
@book{coleman1994foundations,
  title={Foundations of social theory},
  author={Coleman, James S and Coleman, James Samuel},
  year={1994},
  publisher={Harvard university press}
}
@article{putnam1993prosperous,
  title={The prosperous community: social capital and public life},
  author={Putnam, Robert D},
  journal={The american prospect},
  number={13},
  year={1993}
}
@inproceedings{sun2011co,
  title={Co-author relationship prediction in heterogeneous bibliographic networks},
  author={Sun, Yizhou and Barber, Rick and Gupta, Manish and Aggarwal, Charu C and Han, Jiawei},
  booktitle={Advances in Social Networks Analysis and Mining (ASONAM), 2011 International Conference on},
  pages={121--128},
  year={2011},
  organization={IEEE}
}
@incollection{buzydlowski2002term,
  title={Term co-occurrence analysis as an interface for digital libraries},
  author={Buzydlowski, Jan W and White, Howard D and Lin, Xia},
  booktitle={Visual interfaces to digital libraries},
  pages={133--144},
  year={2002},
  publisher={Springer}
}
@inproceedings{borgatti2003key,
  title={The Key Player Problem1},
  author={Borgatti, Stephen P},
  booktitle={Dynamic social network modeling and analysis: Workshop summary and papers},
  pages={241},
  year={2003},
  organization={National Academies Press}
}
@article{cimiano2005learning,
  title={Learning Concept Hierarchies from Text Corpora using Formal Concept Analysis.},
  author={Cimiano, Philipp and Hotho, Andreas and Staab, Steffen},
  journal={J. Artif. Intell. Res.(JAIR)},
  volume={24},
  pages={305--339},
  year={2005}
}
@article{chen2008mining,
  title={Mining e-Learning domain concept map from academic articles},
  author={Chen, Nian-Shing and Wei, Chun-Wang and Chen, Hong-Jhe and others},
  journal={Computers \& Education},
  volume={50},
  number={3},
  pages={1009--1021},
  year={2008},
  publisher={Elsevier}
}
@inproceedings{villalon2009concept,
  title={Concept extraction from student essays, towards concept map mining},
  author={Villalon, Jorge and Calvo, Rafael A},
  booktitle={2009 Ninth IEEE International Conference on Advanced Learning Technologies},
  pages={221--225},
  year={2009},
  organization={IEEE}
}
@inproceedings{hagberg-2008-exploring,
author = {Aric A. Hagberg and Daniel A. Schult and Pieter J. Swart},
title = {Exploring network structure, dynamics, and function using {NetworkX}},
year = {2008},
month = Aug,
urlpdf = {http://math.lanl.gov/~hagberg/Papers/hagberg-2008-exploring.pdf},
booktitle = {Proceedings of the 7th Python in Science Conference (SciPy2008)},
editors = {G\"{a}el Varoquaux, Travis Vaught, and Jarrod Millman},
address = {Pasadena, CA USA},
pages = {11--15}
}
@book{anderson1990adaptive,
  title={The adaptive character of thought},
  author={Anderson, John Robert},
  year={1990},
  publisher={Psychology Press}
}
@book{block1971mastery,
  title={Mastery learning: Theory and practice},
  author={Block, James H and Airasian, Peter W and Bloom, Benjamin Samuel and Carroll, John Bissell},
  year={1971},
  publisher={Holt, Rinehart and Winston New York}
}
@article{cohen1979learning,
  title={Learning for Mastery: Ten Conclusions after 15 Years and 3,000 Schools.},
  author={Cohen, S Alan and Hyman, Joan S},
  journal={Educational Leadership},
  volume={37},
  number={2},
  pages={104--9},
  year={1979},
  publisher={ERIC}
}
@misc{resnick1977assuming,
  title={Assuming that everyone can learn everything, will some learn less?},
  author={Resnick, Lauren B},
  year={1977},
  publisher={JSTOR}
}
@article{rittle1999conceptual,
  title={Conceptual and procedural knowledge of mathematics: Does one lead to the other?},
  author={Rittle-Johnson, Bethany and Alibali, Martha Wagner},
  journal={Journal of educational psychology},
  volume={91},
  number={1},
  pages={175},
  year={1999},
  publisher={American Psychological Association}
}
@book{hiebert2013conceptual,
  title={Conceptual and procedural knowledge: The case of mathematics},
  author={Hiebert, James},
  year={2013},
  publisher={Routledge}
}
@article{unger1968analysis,
  title={An analysis of factual knowledge},
  author={Unger, Peter},
  journal={The Journal of Philosophy},
  pages={157--170},
  year={1968},
  publisher={JSTOR}
}
@article{gersten1999number,
  title={Number Sense Rethinking Arithmetic Instruction for Students with Mathematical Disabilities},
  author={Gersten, Russell and Chard, David},
  journal={The Journal of special education},
  volume={33},
  number={1},
  pages={18--28},
  year={1999},
  publisher={SAGE Publications}
}
